@inproceedings{benson2013direct,
  title={Direct QR factorizations for tall-and-skinny matrices in MapReduce architectures},
  author={Benson, Austin R and Gleich, David F and Demmel, James},
  booktitle={2013 IEEE international conference on big data},
  pages={264--272},
  year={2013},
  organization={IEEE}
}


@article{demmel2008communication,
  title={Communication-avoiding parallel and sequential QR factorizations},
  author={Demmel, James and Grigori, Laura and Hoemmen, Mark and Langou, Julien},
  journal={CoRR abs/0806.2159},
  year={2008}
}